<?xml version="1.0" encoding="UTF-8"?><record xmlns="http://www.loc.gov/MARC21/slim" xmlns:cinclude="http://apache.org/cocoon/include/1.0" xmlns:zs="http://www.loc.gov/zing/srw/">
  <leader>00437nz  a2200133n  4500</leader>
  <controlfield tag="001">n  86858179 </controlfield>
  <controlfield tag="003">DLC</controlfield>
  <controlfield tag="005">19861014095518.4</controlfield>
  <controlfield tag="008">861014n| acannaab|          |a aad |||  </controlfield>
  <datafield tag="010" ind1=" " ind2=" ">
    <subfield code="a">n  86858179 </subfield>
  </datafield>
  <datafield tag="040" ind1=" " ind2=" ">
    <subfield code="a">DLC</subfield>
    <subfield code="c">DLC</subfield>
    <subfield code="d">DLC</subfield>
  </datafield>
  <datafield tag="100" ind1="1" ind2="0">
    <subfield code="a">Dumitrescu, M.</subfield>
    <subfield code="q">(Margareta)</subfield>
  </datafield>
  <datafield tag="400" ind1="1" ind2="0">
    <subfield code="a">Dimitrescu, Margareta</subfield>
  </datafield>
  <datafield tag="670" ind1=" " ind2=" ">
    <subfield code="a">nuc86-92933: Tehnologia producerii semintĚŚelor sĚŚi a ... 1977</subfield>
    <subfield code="b">(hdg. on DNAL rept.: Dimitrescu, Margareta; usage: Dumitrescu M.)</subfield>
  </datafield>
</record>